<?xml version="1.0" encoding="UTF-8"?><collection xmlns="http://www.loc.gov/MARC21/slim"><record><leader>00406nam--2200133-i-4500</leader><controlfield tag="001">000012533</controlfield><controlfield tag="002">20161230</controlfield><controlfield tag="005">20170121223837</controlfield><controlfield tag="008">060222s1000------------r-----000-0-eng-d</controlfield><datafield ind1=" " ind2=" " tag="080"><subfield code="a">061.62(047:540):621.039(047:540)</subfield></datafield><datafield ind1=" " ind2=" " tag="245"><subfield code="a">Annual report of the Department of Atomic Energy Government of India</subfield></datafield><datafield ind1=" " ind2=" " tag="260"><subfield code="a">Bombay</subfield><subfield code="b">Department Of Atomic Energy</subfield><subfield code="c">1977-1978</subfield></datafield><datafield ind1=" " ind2=" " tag="852"><subfield code="a">23854</subfield></datafield><datafield ind1=" " ind2=" " tag="CAT"><subfield code="a">SYS</subfield><subfield code="c">20170121</subfield><subfield code="h">223837</subfield></datafield></record></collection>